@article{sugihara2012detecting,
  title={Detecting causality in complex ecosystems},
  author={Sugihara, George and May, Robert and Ye, Hao and Hsieh, Chih-hao and Deyle, Ethan and Fogarty, Michael and Munch, Stephan},
  journal={science},
  volume={338},
  number={6106},
  pages={496--500},
  year={2012},
  publisher={American Association for the Advancement of Science}
}

@article{sugihara1990nonlinear,
  title={Nonlinear forecasting as a way of distinguishing chaos from measurement error in time series},
  author={Sugihara, George and May, Robert M},
  journal={Nature},
  volume={344},
  number={6268},
  pages={734--741},
  year={1990},
  publisher={Nature Publishing Group}
}

@article{usmanova,
  title={Модели обнаружения зависимостей во временных рядах в задачах построения прогностических моделей},
  author={Усманова, Карина Равилевна and Стрижов, Вадим Викторович},
  journal={Системы и средства информатики},
  volume={29},
  number={2},
  pages={12--30},
  year={2019},
  publisher={Российская академия наук, Отделение нанотехнологий и информационных технологий}
}

@article{geladi1988notes,
  title={Notes on the history and nature of partial least squares (PLS) modelling},
  author={Geladi, Paul},
  journal={Journal of Chemometrics},
  volume={2},
  number={4},
  pages={231--246},
  year={1988},
  publisher={Wiley Online Library}
}

@article{hoskuldsson1988pls,
  title={PLS regression methods},
  author={H{\"o}skuldsson, Agnar},
  journal={Journal of chemometrics},
  volume={2},
  number={3},
  pages={211--228},
  year={1988},
  publisher={Wiley Online Library}
}

@misc{data,
  author       = "",
  title        = "",
  howpublished = "",
  month        = "",
  year         = "",
  note         = "Данные акселерометра и гироскопа: https://github.com/Intelligent-Systems-Phystech/Kurdyukova-BS-Thesis/tree/master/code/data",
  annote       = ""
}

@article{yaushev,
  title={Модели согласования скрытого пространства в задаче прогнозирования},
  author={Яушев, Фарух Юрьевич and Исаченко, Роман Владимирович and Стрижов, Вадим Викторович},
  journal={Системы и средства информатики},
  volume={31},
  number={1},
  pages={4--16},
  year={2021},
  publisher={Российская академия наук, Отделение нанотехнологий и информационных технологий}
}

@article{ye2016information,
  title={Information leverage in interconnected ecosystems: Overcoming the curse of dimensionality},
  author={Ye, Hao and Sugihara, George},
  journal={Science},
  volume={353},
  number={6302},
  pages={922--925},
  year={2016},
  publisher={American Association for the Advancement of Science}
}

@article{dixon1999episodic,
  title={Episodic fluctuations in larval supply},
  author={Dixon, Paul A and Milicich, Maria J and Sugihara, George},
  journal={Science},
  volume={283},
  number={5407},
  pages={1528--1530},
  year={1999},
  publisher={American Association for the Advancement of Science}
}

@article{sugihara1994nonlinear,
  title={Nonlinear forecasting for the classification of natural time series},
  author={Sugihara, George},
  journal={Philosophical Transactions of the Royal Society of London. Series A: Physical and Engineering Sciences},
  volume={348},
  number={1688},
  pages={477--495},
  year={1994},
  publisher={The Royal Society London}
}

@book{rand2006dynamical,
  title={Dynamical systems and turbulence, Warwick 1980: proceedings of a symposium held at the University of Warwick 1979/80},
  author={Rand, David A and Young, L-S},
  volume={898},
  year={2006},
  publisher={Springer}
}

@article{pukenas2018algorithm,
  title={An algorithm based on the convergent cross mapping method for the detection of causality in uni-directionally connected chaotic systems},
  author={Pukenas, Kazimieras},
  journal={Mathematical Models in Engineering},
  volume={4},
  number={3},
  pages={145--150},
  year={2018},
  publisher={JVE International Ltd.}
}

@inproceedings{de2020latent,
  title={Latent convergent cross mapping},
  author={De Brouwer, Edward and Arany, Adam and Simm, Jaak and Moreau, Yves},
  booktitle={International Conference on Learning Representations},
  year={2020}
}

@article{sutskever2014sequence,
  title={Sequence to sequence learning with neural networks},
  author={Sutskever, Ilya and Vinyals, Oriol and Le, Quoc V},
  journal={Advances in neural information processing systems},
  volume={27},
  year={2014}
}

@inproceedings{finlay2020train,
  title={How to train your neural ODE: the world of Jacobian and kinetic regularization},
  author={Finlay, Chris and Jacobsen, J{\"o}rn-Henrik and Nurbekyan, Levon and Oberman, Adam},
  booktitle={International conference on machine learning},
  pages={3154--3164},
  year={2020},
  organization={PMLR}
}


@phdthesis{Isachenko2021PhDThesis, 
  author = {Исаченко, Р. В.},
  title = {Снижение размерности пространства в задачах декодирования сигналов (научный руководитель В.В. Стрижов)},
  school = {Московский физико-технический институт},
  year = {2021},
  url = {https://github.com/r-isachenko/PhDThesis/raw/master/doc/Isachenko2021PhDThesis.pdf},
  doi = {https://github.com/r-isachenko/PhDThesis}
}

@article{whitney1944singularities,
  title={The singularities of a smooth n-manifold in (2n-1)-space},
  author={Whitney, Hassler},
  journal={Annals of Mathematics},
  pages={247--293},
  year={1944},
  publisher={JSTOR}
}


@misc{code,
  author       = "",
  title        = "",
  howpublished = "",
  month        = "",
  year         = "",
  note         = "Код вычислительного эксперимента: https://github.com/Intelligent-Systems-Phystech/Kurdyukova-BS-Thesis/tree/master/code",
  annote       = ""
}


@article{kirby1978manifold,
  title={Manifold theory},
  author={Kirby, Rob},
  journal={Algebraic and Geometric Topology, Part},
  volume={2},
  number={2},
  pages={273},
  year={1978}
}
